@article{article,
  author  = {Autor1},
  title   = {{Titel}},
  journal = {{Journal}},
  year    = {Jahr},
  volume  = {Ausgabe}
}

@book{book,
  author    = {Autor2},
  year      = {Jahr},
  title     = {{Titel}},
  subtitle  = {{Untertitel}},
  address   = {Ort},
  publisher = {{Verlag}}
}

@inproceedings{inproceedings,
  author    = {Autor3},
  title     = {{Titel}},
  booktitle = {{Buchtitel}},
  year      = {Jahr}
}

@misc{misc,
  author  = {Autor4},
  title   = {{Titel}},
  url     = {URL},
  urldate = {Abrufdatum}
}

@article{codd_relational_model,
  author     = {Codd, E. F.},
  title      = {A Relational Model of Data for Large Shared Data Banks},
  year       = {1970},
  issue_date = {June 1970},
  publisher  = {Association for Computing Machinery},
  address    = {New York, NY, USA},
  volume     = {13},
  number     = {6},
  issn       = {0001-0782},
  url        = {https://doi.org/10.1145/362384.362685},
  doi        = {10.1145/362384.362685},
  journal    = {Commun. ACM},
  month      = jun,
  pages      = {377–387},
  numpages   = {11},
  keywords   = {retrieval language, join, data structure, security, derivability, data integrity, data organization, consistency, redundancy, relations, data bank, networks of data, data base, predicate calculus, composition, hierarchies of data}
}

@article{sql_history,
  author  = {Chamberlin, Donald D.},
  journal = {IEEE Annals of the History of Computing},
  title   = {Early History of SQL},
  year    = {2012},
  volume  = {34},
  number  = {4},
  pages   = {78-82},
  doi     = {10.1109/MAHC.2012.61}
}

@article{vldb_tian,
author = {Tian, Yuanyuan and Sun, Wen and Tong, Sui Jun and Xu, En Liang and Pirahesh, Mir Hamid and Zhao, Wei},
title = {Synergistic Graph and SQL Analytics inside IBM Db2},
year = {2019},
issue_date = {August 2019},
publisher = {VLDB Endowment},
volume = {12},
number = {12},
issn = {2150-8097},
url = {https://doi.org/10.14778/3352063.3352065},
doi = {10.14778/3352063.3352065},
journal = {Proc. VLDB Endow.},
month = aug,
pages = {1782–1785},
numpages = {4}
}

@inproceedings{sigmod_tian,
author = {Tian, Yuanyuan and Xu, En Liang and Zhao, Wei and Pirahesh, Mir Hamid and Tong, Sui Jun and Sun, Wen and Kolanko, Thomas and Apu, Md. Shahidul Haque and Peng, Huijuan},
title = {IBM Db2 Graph: Supporting Synergistic and Retrofittable Graph Queries Inside IBM Db2},
year = {2020},
isbn = {9781450367356},
publisher = {Association for Computing Machinery},
address = {New York, NY, USA},
url = {https://doi.org/10.1145/3318464.3386138},
doi = {10.1145/3318464.3386138},
booktitle = {Proceedings of the 2020 ACM SIGMOD International Conference on Management of Data},
pages = {345–359},
numpages = {15},
keywords = {graph database, graph query, graph overlay},
location = {Portland, OR, USA},
series = {SIGMOD '20}
}

% noch zun speichern
@misc{tinkerpop_2020,
url={https://tinkerpop.apache.org/docs/3.4.8/reference/},
title={TinkerPop Reference Documentation},
journal={TinkerPop Documentation},
publisher={Apache TinkerPop Project},
urldate={2021-07-03},
year={2020}, 
month={Aug},
day={3}
}

% noch zun speichern
@misc{yt_tian, 
title={IBM Db2 Graph: Supporting Synergistic and Retrofittable Graph Queries Inside IBM Db2}, 
url={https://www.youtube.com/watch?v=CwT_898Zkzk}, 
journal={YouTube}, 
publisher={IBM}, 
author={Tian, Yuanyuan}, 
year={2020},
month={Jun},
urldate={2021-07-03},
}

@misc{ibm_docs_limitiations, 
title={Known limitations when working with IBM Db2 Graph}, 
url={https://www.ibm.com/docs/en/db2/11.5?topic=graph-limitations}, 
journal={IBM Documentation}, 
publisher={IBM},
year={2021},
month={Jun},
urldate={2021-07-19},
}

@misc{ibm_docs_db2_graph_ui, 
title={A walk-through of the Db2 Graph user interface}, 
url={https://www.ibm.com/docs/en/db2/11.5?topic=graph-db2-ui}, 
journal={IBM Documentation}, 
publisher={IBM},
year={2021},
month={Jun},
urldate={2021-07-26},
} 

% noch zu speichern
@misc{ibm_docs_db2_graph_commands, 
title={Db2 Graph commands}, 
url={https://www.ibm.com/docs/en/db2/11.5?topic=graph-db2-commands}, 
journal={IBM Documentation}, 
publisher={IBM},
year={2021},
month={Jun},
urldate={2021-07-26},
} 

% noch zu speichern
@misc{ibm_docs_graph_commands, 
title={Graph commands}, 
url={https://www.ibm.com/docs/en/db2/11.5?topic=commands-graph}, 
journal={IBM Documentation}, 
publisher={IBM},
year={2021},
month={Jun},
urldate={2021-07-26},
} 

% noch zu speichern
@misc{ibm_docs_privileges, 
title={Required Db2 privileges for IBM Db2 Graph users}, 
url={https://www.ibm.com/docs/en/db2/11.5?topic=graph-required-db2-privileges-db2-users}, 
journal={IBM Documentation}, 
publisher={IBM},
year={2021},
month={Jun},
urldate={2021-07-26},
} 

% noch zu speichern
@misc{ibm_docs_optimize, 
title={Db2 Graph performance considerations}, 
url={https://www.ibm.com/docs/en/db2/11.5?topic=graphs-performance-considerations}, 
journal={IBM Documentation}, 
publisher={IBM},
year={2021},
month={Jun},
urldate={2021-07-27},
} 

@misc{db_engines_ranking_july, 
title={DB-Engines Ranking per Database Model Category}, 
url={https://db-engines.com/en/ranking_categories}, 
journal={DB-Engines Ranking}, 
publisher={solid IT gmbh},
year={2021},
month={July},
urldate={2021-07-27},
} 

@article{rdbms_history,
author={Wade, Bradford W. and Chamberlin, Donald D.},
journal={IEEE Annals of the History of Computing},
title={IBM Relational Database Systems: The Early Years},
year={2012},
volume={34},
number={4},
pages={38-48},
doi={10.1109/MAHC.2012.48}
}

@book{rdbms_book,
title={Relationale Datenbanken: von den theoretischen Grundlagen zu Anwendungen mit PostgreSQL}, 
publisher={Springer Vieweg}, 
author={Studer, Thomas}, 
year={2019},
place={Berlin}
}

@book{gdbms,
	author={Robinson, Ian and Webber, James and Webber, Jim and Eifrem, Emil},
	year={2015},
	title={Graph Databases},
	edition={2},
	isbn={978-1-491-93089-2},
	publisher={O'Reilly},
	address={Sebastopol},
}

@inproceedings{gremlin_paper,
author = {Rodriguez, Marko A.},
title = {The Gremlin Graph Traversal Machine and Language (Invited Talk)},
year = {2015},
isbn = {9781450339025},
publisher = {Association for Computing Machinery},
address = {New York, NY, USA},
url = {https://doi.org/10.1145/2815072.2815073},
doi = {10.1145/2815072.2815073},
booktitle = {Proceedings of the 15th Symposium on Database Programming Languages},
pages = {1–10},
numpages = {10},
keywords = {functional languages, graph traversal, finite automata, virtual machines},
location = {Pittsburgh, PA, USA},
series = {DBPL 2015}
}

@inproceedings{linkbench_paper,
author = {Armstrong, Timothy G. and Ponnekanti, Vamsi and Borthakur, Dhruba and Callaghan, Mark},
title = {LinkBench: A Database Benchmark Based on the Facebook Social Graph},
year = {2013},
isbn = {9781450320375},
publisher = {Association for Computing Machinery},
address = {New York, NY, USA},
url = {https://doi.org/10.1145/2463676.2465296},
doi = {10.1145/2463676.2465296},
booktitle = {Proceedings of the 2013 ACM SIGMOD International Conference on Management of Data},
pages = {1185–1196},
numpages = {12},
keywords = {mysql, database workload analysis, hbase, social networks, database benchmarks},
location = {New York, New York, USA},
series = {SIGMOD '13}
}

@misc{fb_linkbench_github,
  author = {Tim Armstrong AND Dhruba Borthakur AND Mayank Agarwal AND Andrew Cox},
  title = {linkbench},
  year = {2012},
  publisher = {GitHub},
  journal = {GitHub repository},
  howpublished = {\url{https://github.com/facebookarchive/linkbench}},
  commit = {ac67d54bf291eb9546d5480ffa4b2c2ef9ff0740}
}

@inproceedings{snb_paper,
author = {Erling, Orri and Averbuch, Alex and Larriba-Pey, Josep and Chafi, Hassan and Gubichev, Andrey and Prat, Arnau and Pham, Minh-Duc and Boncz, Peter},
title = {The LDBC Social Network Benchmark: Interactive Workload},
year = {2015},
isbn = {9781450327589},
publisher = {Association for Computing Machinery},
address = {New York, NY, USA},
url = {https://doi.org/10.1145/2723372.2742786},
doi = {10.1145/2723372.2742786},
booktitle = {Proceedings of the 2015 ACM SIGMOD International Conference on Management of Data},
pages = {619–630},
numpages = {12},
keywords = {rdf databases, graph databases, benchmarking},
location = {Melbourne, Victoria, Australia},
series = {SIGMOD '15}
}